@inproceedings{WeTe11,
	Author = {Welling, M. and Teh, Y. W.},
	Booktitle = {Proceedings of the 28th international conference on machine learning (ICML-11)},
	Date-Added = {2020-02-07 17:00:27 +0100},
	Date-Modified = {2020-02-07 17:00:55 +0100},
	Pages = {681--688},
	Title = {Bayesian learning via stochastic gradient {L}angevin dynamics},
	Year = {2011}}

	@inproceedings{RaAnJo15,
                Author = {Rabinovich, M. and Angelino, E. and Jordan, M.},
                Booktitle = {Advances in Neural Information Processing Systems},
                Date-Added = {2020-02-07 16:59:02 +0100},
                Date-Modified = {2020-02-07 17:03:07 +0100},
                Pages = {1207--1215},
                Title = {Variational consensus {M}onte {C}arlo},
                Year = {2015}}

	@inproceedings{carvalho2009handling,
				title={Handling sparsity via the horseshoe},
				author={Carvalho, Carlos M and Polson, Nicholas G and Scott, James G},
				booktitle={Artificial Intelligence and Statistics},
				pages={73--80},
				year={2009},
				organization={PMLR}
			  }
			  

	@inproceedings{TeNeWe07,
				Author = {Teh, Y. W. and Newman, D. and Welling, M.},
				Booktitle = {Advances in neural information processing systems},
				Date-Added = {2020-02-07 17:02:16 +0100},
				Date-Modified = {2020-02-07 17:02:16 +0100},
				Pages = {1353--1360},
				Title = {A collapsed variational {B}ayesian inference algorithm for latent {D}irichlet allocation},
				Year = {2007}}

	@article{polson2011data,
	  title={Data augmentation for support vector machines},
	  author={Polson, Nicholas G and Scott, Steven L},
	  journal={Bayesian Analysis},
	  volume={6},
	  number={1},
	  pages={1--23},
	  year={2011},
	  publisher={International Society for Bayesian Analysis}
	}

	@inproceedings{RaGh03,
	Author = {Rasmussen, C. E. and Ghahramani, Z.},
	Booktitle = {Advances in Neural Information Processing Systems},
	Title = {{Bayesian Monte Carlo}},
	Year = {2003}}


@article{cucala2009bayesian,
  title={A {B}ayesian reassessment of nearest-neighbor classification},
  author={Cucala, Lionel and Marin, Jean-Michel and Robert, Christian P and Titterington, D Michael},
  journal={Journal of the American Statistical Association},
  volume={104},
  number={485},
  pages={263--273},
  year={2009},
  publisher={Taylor \& Francis}
}

@article{Cal14,
		Author = {Calderhead, B.},
		Date-Added = {2016-10-17 19:42:37 +0000},
		Date-Modified = {2016-10-17 19:43:00 +0000},
		Journal = {Proceedings of the National Academy of Sciences},
		Number = {49},
		Pages = {17408--17413},
		Publisher = {National Acad Sciences},
		Title = {A general construction for parallelizing {M}etropolis-{H}astings algorithms},
		Volume = {111},
		Year = {2014}}

@inproceedings{lopez2020decision,
  title={Decision-Making with Auto-Encoding Variational {B}ayes},
  author={Lopez, Romain and Boyeau, Pierre and Yosef, Nir and Jordan, Michael I and Regier, Jeffrey},
  Booktitle = {Advances in Neural Information Processing Systems},
  year={2020}
}
