%% This BibTeX bibliography file was created using BibDesk.
%% https://bibdesk.sourceforge.io/

%% Created for Rémi Bardenet at 2020-02-07 17:03:07 +0100


%% Saved with string encoding Unicode (UTF-8)


@article{RiTs11,
	Author = {Rigollet, P. and Tsybakov, A.},
	Date-Added = {2020-02-07 16:41:13 +0100},
	Date-Modified = {2020-02-07 16:49:05 +0100},
	Journal = {The Annals of Statistics},
	Number = {2},
	Pages = {731--771},
	Publisher = {Institute of Mathematical Statistics},
	Title = {Exponential screening and optimal rates of sparse estimation},
	Volume = {39},
	Year = {2011}}

@article{HoGe14,
	  title={The No-{U}-Turn sampler: adaptively setting path lengths in {H}amiltonian {M}onte {C}arlo.},
	  author={Hoffman, Matthew D and Gelman, Andrew},
	  journal={Journal of Machine Learning Research},
	  volume={15},
	  number={1},
	  pages={1593--1623},
	  year={2014}
	}

@article{JaLeAt20,
  title={Unbiased {M}arkov Chain {M}onte {C}arlo methods with couplings},
  author={Jacob, Pierre E and O’Leary, John and Atchad{\'e}, Yves F},
  journal={Journal of the Royal Statistical Society: Series B (Statistical Methodology)},
  volume={82},
  number={3},
  pages={543--600},
  year={2020},
  publisher={Wiley Online Library}
}

@article{BaDoHo17,
	Author = {Bardenet, R. and Doucet, A. and Holmes, C.},
	Date-Added = {2016-09-30 23:33:59 +0000},
	Date-Modified = {2018-04-12 12:01:46 +0000},
	Journal = {Journal of Machine Learning Research (JMLR)},
	Title = {On {M}arkov chain {M}onte {C}arlo methods for tall data},
	Year = {2017}}


@inproceedings{BeBaCh20,
	Author = {Belhadji, A. and Bardenet, R. and Chainais, P.},
	Booktitle = {International Conference on Machine Learning (ICML)},
	Date-Added = {2020-06-11 12:35:59 +0200},
	Date-Modified = {2020-06-11 12:36:36 +0200},
	Journal = {\href{https://arxiv.org/abs/1906.07832}{Arxiv preprint:1906.07832}},
	Title = {Kernel interpolation with continuous volume sampling},
	Year = {2020}}


@article{GrVa27,
	Author = {Gr{\"u}nwald, P. and Van Ommen, T.},
	Date-Added = {2020-02-07 16:45:10 +0100},
	Date-Modified = {2020-02-07 16:49:16 +0100},
	Journal = {Bayesian Analysis},
	Number = {4},
	Pages = {1069--1103},
	Publisher = {International Society for Bayesian Analysis},
	Title = {Inconsistency of {B}ayesian inference for misspecified linear models, and a proposal for repairing it},
	Volume = {12},
	Year = {2017}}

@inproceedings{GBLL,
		Author = {Germain, P. and Bach, F. and Lacoste, A. and Lacoste-Julien, S.},
		Booktitle = {Advances in Neural Information Processing Systems},
		Date-Added = {2020-02-07 16:50:22 +0100},
		Date-Modified = {2020-02-07 16:51:09 +0100},
		Pages = {1884--1892},
		Title = {PAC-{B}ayesian theory meets {B}ayesian inference},
		Year = {2016}}
